<record xmlns="http://www.loc.gov/MARC21/slim" xmlns:xsi="http://www.w3.org/2001/XMLSchema-instance" xsi:schemaLocation="http://www.loc.gov/MARC21/slim http://www.loc.gov/standards/marcxml/schema/MARC21slim.xsd"><leader>00689cz   2200181n  4500</leader><controlfield tag="001">oca00464799 </controlfield><controlfield tag="005">20020424171605.0</controlfield><controlfield tag="008">800826n| acannaab           |a aaa      </controlfield><datafield ind1=" " ind2=" " tag="010"><subfield code="a">n  80083555 </subfield></datafield><datafield ind1=" " ind2=" " tag="040"><subfield code="a">DLC</subfield><subfield code="c">DLC</subfield><subfield code="d">DLC</subfield><subfield code="d">Uk</subfield><subfield code="d">DLC</subfield></datafield><datafield ind1="0" ind2=" " tag="100"><subfield code="a">Martianus Capella</subfield></datafield><datafield ind1="1" ind2=" " tag="400"><subfield code="a">Capella, Martianus</subfield></datafield><datafield ind1="0" ind2=" " tag="400"><subfield code="a">Marziano Capella</subfield></datafield><datafield ind1=" " ind2=" " tag="670"><subfield code="a">His Geometria, 1983:</subfield><subfield code="b">t.p. (Marziano Capella)</subfield></datafield><datafield ind1=" " ind2=" " tag="670"><subfield code="a">Encicl. brit.</subfield><subfield code="b">(Capella, Martianus Minneus Felix; florished late 4th and early 5th cent. A.D.)</subfield></datafield><datafield ind1=" " ind2=" " tag="670"><subfield code="a">Brit. Lib. general catalog to 1975, 1980</subfield><subfield code="b">(Capella, Martianus Mineus Felix)</subfield></datafield><datafield ind1=" " ind2=" " tag="670"><subfield code="a">Bib. nat.</subfield><subfield code="b">(Capella, Martianus Mineus Felix)</subfield></datafield><datafield ind1=" " ind2=" " tag="670"><subfield code="a">Oxford classical dict.</subfield><subfield code="b">(Martianus Capella)</subfield></datafield></record>